%% %%%%%%%%%%%%%%%%%%%%% -*- Mode: BibTeX -*- %%%%%%%%%%%%%%%%%%%%%%%%%%
%%
%% dynamic.bib -- 
%%
%% Copyright (C) 1993-1994 Mads Ipsen - DK
%%
%% Author          : Mads Ipsen
%% Created On      : Sun Aug 15 00:54:49 1993
%% Last Modified By: Mads Ipsen
%% Last Modified On: Sun Jan 16 12:40:31 1994
%% Update Count    : 84
%% Revision History: None
%%
%% COMMENTS "Bibdatabase til prisopgave 1994"
%% HISTORY
%% Update History:963,12
%% Sun Jan 09 01:46:47 1994 Because
%% Sun Aug 15 09:11:38 1993 Mads Ipsen
%% %%%%%%%%%%%%%%%%%%%%%%%%%%%%%%%%%%%%%%%%%%%%%%%%%%%%%%%%%%%%%%%%%%%%%

@BOOK{Smale,
AUTHOR    = "{M.\ W.\ Hirsch og S.\ Smale}",
TITLE     = "Differential Equations, Dynamical Systems and Linear Algebra",
PUBLISHER = "Academic Press",
ADDRESS   = "New York",
YEAR      = "1974"
}

@BOOK{ParkerChua,
AUTHOR    = "{T.\ S.\ Parker og L.\ O.\ Chua}",
TITLE     = "Practical Numerical Algorithms for Chaotic Systems",
PUBLISHER = "Sringer Verlag",
ADDRESS   = "New York",
YEAR      = "1989"
}

@BOOK{Schuster,
AUTHOR =   "{H.\ G.\ Schuster}",
TITLE =    "Deterministic Chaos",
PUBLISHER ="Physik-Verlag",
ADDRESS=   "Weinheim",
YEAR=      "1984"
}

@BOOK{Verhulst,
AUTHOR =   "{F.\ Verhulst}",
TITLE =    "Nonlinear Differential Equations and Dynamical Systems",
PUBLISHER ="Springer-Verlag",
ADDRESS=   "Berlin",
YEAR=      "1990"
}

@BOOK{GuckenheimerHolmes,
AUTHOR =   "{J.\ Guckenheimer og P.\ Holmes}",
TITLE =    "Nonlinear Oscillation, Dynamical Systems
            and Bifurcations of Vector Fields",
PUBLISHER ="Springer-Verlag",
ADDRESS=   "New York",
YEAR=      "1983"
}

@BOOK{LichtLieb,
AUTHOR =   "{A.\ J.\ Lichtenberg og M.\ A.\ Lieberman}",
TITLE =    "Regular and Chaotic Dynamics",
PUBLISHER ="Springer-Verlag",
ADDRESS=   "New York",
EDITION   ="{2.\ }",
YEAR=      "1992"
}

@BOOK{Hazard,
AUTHOR =   "{B.\ D.\ Hassard, N.\ D.\ Kazarinoff og Y-H.\ Wan}",
TITLE =    "Theory and Applications of Hopf Bifurcation",
PUBLISHER ="Cambridge University Press",
ADDRESS=   "New York",
YEAR=      "1981"
}

@ARTICLE{Holmes,
AUTHOR  = "{P.\ J.\ Holmes}",
TITLE   = "{\rm Center Manifolds, Normal Forms, and Bifurcation of
           Vector Fields with Application to Coupling between
           Periodic and Steady Motion}",
JOURNAL = "Physica",
YEAR    = "1981",
VOLUME  = "{\bf 2D}",
PAGES   = "449--481"
}

@ARTICLE{Takens,
AUTHOR  = "{F.\ Takens}",
TITLE   = "{\rm Singularities of Vector Fields}",
JOURNAL = "{Institut des Hautes \'{E}tudes Scientfiques}",
YEAR    = "1974",
VOLUME  = "{\bf 43}",
PAGES   = "47--100"
}

@ARTICLE{Ozon1,
AUTHOR  = "{S.\ W.\ Benson og A.\ E.\ Axworthy Jr.\}",
JOURNAL = "{J.\ Chem.\ Phys}",
YEAR    = "1957",
VOLUME  = "{\bf 29}",
PAGES   = "1718"
}

@BOOK{Ozon2,
AUTHOR =   "{R.\ A.\ Alberty}",
TITLE =    "Physical Chemistry",
PUBLISHER ="Wiley",
ADDRESS=   "New York",
YEAR=      "1987"
}

@ARTICLE{CstrFig,
AUTHOR  = "{P.\ G.\ S{\o}rensen og F.\ Hynne}",
TITLE   = "{\rm Amplitude \& Phases of Small-Amplitude
           Belousov-Zhabotinsky Oscillations Derived from
           Quenching Experiments}",
JOURNAL = "{J.\ Phys.\ Chem}",
YEAR    = "1989",
VOLUME  = "{\bf 93}",
PAGES   = "5467--5474"
}

@INCOLLECTION{Belu,
AUTHOR    = "{B.\ P.\ Belousov}",
BOOKTITLE = "Sbornik referatov po Radiatsionnoi Meditsine",
PUBLISHER = "Medgiz",
ADDRESS   = "Moscow",
YEAR      = "1958",
NOTE      = "p. 145, p{\aa} russisk"
}

@ARTICLE{Zhabo,
AUTHOR  = "{A.\ M.\ Zhabotinsky}",
JOURNAL = "Biofizika",
YEAR    = "1964",
VOLUME  = "{\bf 9}",
PAGES   = "306"
}

@ARTICLE{FKNorig,
AUTHOR  = "{R.\ J.\ Field, E.\ K\"{o}r\"{o}s og R.\ M.\ Noyes}",
TITLE   = "{\rm Oscillations in Chemical Systems.
           Thorough Ana\-lysis of Temporal Oscillations
           in the Bromate-Cerium-Malonic Acid System}",
JOURNAL = "{J.\ Amer.\ Chem.\ Soc}",
YEAR    = "1972",
VOLUME  = "{\bf 94}",
PAGES   = "8649"
}

@ARTICLE{FFrate,
AUTHOR  = "{R.\ J.\ Field og H-D.\ F\"{o}rsterling}",
TITLE   = "{\rm On the Oxybromine Chemistry Rate Constants
            with Cerium Ions in the Field-K\"{o}r\"{o}s-Noyes
            Mechanism of the Belousov-Zhabotinsky Reaction: The
            Equilibrium HBrO$_2$ + BrO$_3^-$ + H$^+$
            $\rightleftharpoons$ 2BrO$_2\cdot$ + H$_2$O\/}",
JOURNAL = "{J.\ Phys.\ Chem}",
YEAR    = "1986",
VOLUME  = "{\bf 90}",
PAGES   = "5400"
}

@INCOLLECTION{Tyson,
AUTHOR    = "{J.\ J.\ Tyson}",
BOOKTITLE = "Oscillation and Travelling Waves in Chemical Systems",
EDITOR    = "R.\ J.\ Field og M.\ Burger",
PUBLISHER = "Wiley-Interscience",
ADDRESS   = "New York",
YEAR      = "1985",
CHAPTER   = "Kapitel 3"
}

@ARTICLE{GRFmodel,
AUTHOR  = "{L.\ Gy\"{o}rgyi, S.\ L.\ Rempe og R.\ J.\ Field}",
TITLE   = "{\rm A novel model for the simulation of chaos in
           low-flow-rate CSTR experiments with the
           BZ-reaction: A chemical mechanism for
           two frequency oscillations}",
JOURNAL = "{J.\ Phys.\ Chem}",
YEAR    = "1991",
VOLUME  = "{\bf 95}",
PAGES   = "3159"
}

@ARTICLE{Texas1,
AUTHOR  = "{J-C.\ Roux, R.\ H.\ Simoyi og H.\ L.\ Swinney}",
TITLE   = "",
JOURNAL = "Physica",
YEAR    = "1983",
VOLUME  = "{\bf 8D}",
PAGES   = "257"
}

@ARTICLE{Texas2,
AUTHOR  = "{K.\ G.\ Coffman, W.\ D.\ McCormick, Z Noszticzius, 
            R.\ H.\ Simoyi og H.\ L.\ Swinney}",
JOURNAL = "{J.\ Chem.\ Phys}",
YEAR    = "1987",
VOLUME  = "{\bf 86}",
PAGES   = "119"
}

@ARTICLE{Texas3,
AUTHOR  = "{Z Noszticzius, W.\ D.\ McCormick og H.\ L.\ Swinney}",
JOURNAL = "{J.\ Phys.\ Chem}",
YEAR    = "1987",
VOLUME  = "{\bf 91}",
PAGES   = "5129"
}

@BOOK{Marek,
AUTHOR =   "{M.\ Kub\'{\i}\v{c}ek og M.\ Marek}",
TITLE =    "Computational Methods in Bifurcation Theory 
            and Dissipative structures",
PUBLISHER ="Springer-Verlag",
ADDRESS=   "New York",
YEAR=      "1983"
}

@BOOK{Molwyn,
AUTHOR =   "{E.\ A.\ Moelwyn-Hughes}",
TITLE =    "Chemical Statics and Kinetics of Solutions",
PUBLISHER ="Academic Press",
ADDRESS=   "London",
YEAR=      "1987",
CHAPTER=   "Kapitel 7"
}

@BOOK{Ioss,
AUTHOR    = "{G.\ Iooss og D.\ D.\ Joseph}",
TITLE     = "Elementary Stability and Bifurcation Theory",
PUBLISHER = "Springer-Verlag",
ADDRESS   = "New York",
YEAR      = "1980"
}

@ARTICLE{GenQuench,
AUTHOR  = "{F.\ Hynne, P.\ G.\ S{\o}rensen og K.\ Nielsen}",
TITLE   = "{\rm Quenching of Chemical Oscillations:
            General Theory}",
JOURNAL = "{J.\ Chem.\ Phys}",
YEAR    = "1990",
VOLUME  = "{\bf 92}",
PAGES   = "1747"
}

@ARTICLE{GinzburgLandau,
AUTHOR  = "{F.\ Hynne og P.\ G.\ S{\o}rensen}",
TITLE   = "{Experimental Determination of Ginzburg-Landau
            Parameters for Reaction Diffusion Systems}",
JOURNAL = "{Phys.\ Rev.\ E}",
YEAR    = "1993"
}

@BOOK{NumRecPascal,
AUTHOR    = "{W.\ H.\ Press, B.\ P.\ Flannery,
              S.\ A.\ Teukolsky og W.\ T.\ Vetterling}",
TITLE     = "Numerical Recipes. The Art of Scientific Computing",
PUBLISHER = "Cambridge University Press",
YEAR      = "1986",
ADDRESS   = "Cambridge",
}

@INCOLLECTION{Eberlein,
AUTHOR    = "{P.\ J.\ Eberlein og J.\ Boothroyd}",
BOOKTITLE = "Handbook for Automatic Computation. 
             Volume II. Linear Algebra",
EDITOR    = "J.\ H.\ Wilkinson and C.\ Reinsch",
PUBLISHER = "Springer-Verlag",
ADDRESS   = "New York",
YEAR      = "1971"
}

@ARTICLE{Calahan,
AUTHOR  = "{D.\ A.\ Calahan}",
JOURNAL = "Proc. IEEE",
YEAR    = "1968",
VOLUME  = "{\bf 56}",
PAGES   = "744"
}

@BOOK{Saaty,
AUTHOR    = "{T.\ L.\ Saaty og J.\ Bram}",
TITLE     = "Nonlinear Mathematics",
PUBLISHER = "McGraw-Hill",
ADDRESS   = "New York",
YEAR      = "1964"
}

@BOOKLET{Specrapport,
AUTHOR    = "{M.\ Ipsen}",
TITLE     = "{\em Nonlinear Dynamics in Chemical Kinetics -
             a Numerical Ana\-lysis of Two Models of
             the Belousov-Zhabotinsky Reaction}",
YEAR      = "1993",
MONTH     = "Januar",
NOTE      = "Specialerapport fra Kemisk Laboratorium III,
             H.\ C.\ {\O}rsteds Instituttet, K{\o}benhavns Universitet"
}

@ARTICLE{Prig1,
AUTHOR  = "{R.\ Lefever og I.\ Prigogine}",
TITLE   = "{\rm Symmetry Breaking Instabilities in
            Dissipative Systems}",
JOURNAL = "{J.\ Chem.\ Phys}",
YEAR    = "1968",
VOLUME  = "{\bf 48}",
PAGES   = "263"
}

@BOOK{Prig2,
AUTHOR    = "{G.\ Nicolis og I.\ Prigogine}",
TITLE     = "{\rm Self-organization in non-equilibrium systems}",
PUBLISHER = "John Wiley \& Sons",
ADDRESS   = "New York",
YEAR      = "1977",
}

@BOOK{Marek2,
AUTHOR    = "{M.\ Marek og I.\ Schreiber}",
TITLE     = "Chaotic Behavior of Deterministic Dissipative Systems",
PUBLISHER = "Academia",
ADDRESS   = "Prag",
YEAR      = "1991"
}

@ARTICLE{Feig1,
AUTHOR  = "{M.\ J.\ Feigenbaum}",
TITLE   = "{\rm Quantitative Universality for a Class of Non-Linear Transformations}",
JOURNAL = "{J.\ Stat.\ Phys}",
VOLUME  = "{\bf 19}",
PAGES   = "25",
YEAR    = "1978",
}

@ARTICLE{Feig2,
AUTHOR  = "{M.\ J.\ Feigenbaum}",
TITLE   = "{\rm Universal Metric Properties of Non-Linear Transformations}",
JOURNAL = "{J.\ Stat.\ Phys}",
VOLUME  = "{\bf 21}",
PAGES   = "669",
YEAR    = "1979",
}

@INCOLLECTION{Landau,
AUTHOR    = "{L.\ D.\ Landau}",
BOOKTITLE = "Collected Papers of Landau",
TITLE     = "On the Problem of Turbulence",
EDITOR    = "D.\ ter Haar",
PUBLISHER = "Pergamon Press",
ADDRESS   = "Oxford",
YEAR      = "1965"
}

@BOOK{PoinOrig,
AUTHOR    = "{H.\ Poincar\'{e}}",
TITLE     = "Les M\'{e}thodes Nouvelles de la M\'{e}chanique Celeste",
PUBLISHER = "Gauthier-Villars",
ADDRESS   = "Paris",
YEAR      = "1899",
VOLUME    = "3"
}

@ARTICLE{Henon,
AUTHOR  = "{M.\ H\'{e}non}",
TITLE   = "{\rm On the Numerical Computation of Poincar\'{e} Maps}",
JOURNAL = "Physica",
VOLUME =  "{\bf 8D}",
PAGES   = "294",
YEAR    = "1982"
}

@ARTICLE{LorenzPoin,
AUTHOR  = "{E.\ J.\ Kostelich og J.\ A.\ Yorke}",
TITLE   = "{\rm Lorenz Cross sections of the chaotic 
           attractor of the double rotor}",
JOURNAL = "Physica",
VOLUME =  "{\bf 24D}",
PAGES   = "263",
YEAR    = "1987"
}

@ARTICLE{HopfQuench,
AUTHOR  = "{K.\ Nielsen, F.\ Hynne og P.\ G.\ S{\o}rensen}",
TITLE   = "{\rm Hopf Bifurcation in Chemical Kinetics}",
JOURNAL = "{J.\ Chem.\ Phys}",
VOLUME  = "{\bf 94}",
PAGES   = "1020--1029",
YEAR    = "1991"
}

@ARTICLE{Lotka1,
AUTHOR  = "{A.\ J.\ Lotka}",
TITLE   = "{\rm Contribution to the Theory of Periodic Reactions}",
JOURNAL = "{J.\ Phys.\ Chem}",
VOLUME  = "{\bf 14}",
PAGES   = "271",
YEAR    = "1910"
}

@ARTICLE{Lotka2,
AUTHOR  = "{A.\ J.\ Lotka}",
TITLE   = "{\rm Undamped Oscillations derived from the Law
            of Mass Action}",
JOURNAL = "{J.\ Am.\ Chem.\ Phys}",
VOLUME  = "{\bf 42}",
PAGES   = "1593",
YEAR    = "1920"
}

@BOOK{KAJensen,
AUTHOR =   "{K.\ A.\ Jensen}",
TITLE =    "Almen Kemi II",
PUBLISHER ="Jul.\ Gjellerups Forlag",
ADDRESS=   "K{\o}benhavn",
YEAR=      "1959"
}

@BOOK{Nernst,
AUTHOR =   "{W.\ Nernst}",
TITLE =    "Theoretische Chemie",
PUBLISHER ="Verlag von Ferdinand Enke",
ADDRESS=   "Stuttgart",
YEAR=      "1921"
}

@BOOK{Alberty,
AUTHOR =   "{R.\ A.\ Alberty}",
TITLE =    "Physical Chemistry",
PUBLISHER ="John Wiley \& Sons",
EDITION   ="{7.\ }",
ADDRESS=   "New York",
YEAR=      "1987"
}

@BOOK{Devaney,
AUTHOR =   "{R.\ L.\ Devaney}",
TITLE =    "An Introduction to Chaotic Dynamical Systems",
PUBLISHER ="Addison-Wesley",
EDITION   ="{2.\ }",
ADDRESS=   "New York",
YEAR=      "1989"
}

@ARTICLE{Swinney,
AUTHOR  = "{J-C.\ Roux, R.\ H.\ Simoyi og H.\ L.\ Swinney}",
TITLE   = "{\rm Observation of a Strange Attractor}",
JOURNAL = "{Physica}",
VOLUME  = "{\bf 8D}",
PAGES   = "257--266",
YEAR    = "1982"
}

@ARTICLE{RTN,
AUTHOR  = "{S.\ Newhouse, D.\ Ruelle og F.\ Takens}",
TITLE   = "{\rm Occurence of Strange Axiom A Attractors near
           Quasiperiodic Flows on $T^m$, $m \geq 3$}",
JOURNAL = "Commun.\ Math.\ Phys",
YEAR    = "1978",
VOLUME  = "{\bf 64}",
PAGES   = "35"
}

@ARTICLE{Auger,
AUTHOR  = "{V.\ Auger}",
TITLE   = "{\rm Action de l'eauoxygenee sur les composes de
           oxygenes de l'iodes}",
JOURNAL = "Compt.\ Rendus",
YEAR    = "1911",
VOLUME  = "{\bf 153}",
PAGES   = "1005--1007"
}

@ARTICLE{Bray,
AUTHOR  = "{W.\ C.\ Bray}",
TITLE   = "{\rm A Periodic Reaction in Homogeneous Solution and
           its Relation to Catalysis}",
JOURNAL = "J.\ Am.\ Chem.\ Soc",
YEAR    = "1921",
VOLUME  = "{\bf 43}",
PAGES   = "1262--1267"
}

@ARTICLE{BrayModel,
AUTHOR  = "{K.\ R.\ Sharma og R.\ M.\ Noyes}",
TITLE   = "{\rm Oscillations in Chemical Reactions, 13. A
           Detailed Molecular Mechanism for the
           Bray-Liebhafsky Reaction of Iodate and Hydrogen
           Peroxide}",
JOURNAL = "J.\ Am.\ Chem.\ Soc",
YEAR    = "1976",
VOLUME  = "{\bf 98}",
PAGES   = "4345--4361"
}

@ARTICLE{BriggsRauscher,
AUTHOR  = "{T.\ S.\ Briggs og W.\ C.\ Rauscher}",
TITLE   = "{\rm An Oscillating Iodine Clock}",
JOURNAL = "J.\ Chem.\ Ed",
YEAR    = "1973",
VOLUME  = "{\bf 50}",
PAGES   = "496"
}

@ARTICLE{BriggsModel1,
AUTHOR  = "{R.\ M.\ Noyes og S.\ D.\ Furrow}",
TITLE   = "{\rm The Oscillatory Briggs-Rauscher Reaction.
            3. A Skeleton Mechanism for Oscillations}",
JOURNAL = "J.\ Am.\ Chem.\ Soc",
YEAR    = "1982",
VOLUME  = "{\bf 104}",
PAGES   = "45--48"
}

@ARTICLE{BriggsModel2,
AUTHOR  = "{P.\ DeKepper og I.\ R.\ Epstein}",
TITLE   = "{\rm A Mechanistic Study of Oscillations an
            Bistability in the Briggs-Rauscher Reaction}",
JOURNAL = "J.\ Am.\ Chem.\ Soc",
YEAR    = "1982",
VOLUME  = "{\bf 104}",
PAGES   = "49--55"
}

@ARTICLE{CO-Oscillator,
AUTHOR  = "{M.\ Eiswirth, R.\ Schwankner og G.\ Ertl}",
TITLE   = "{\rm Conditions for the Occurrence of Kinetic
           Oscillations in the Catalytic Oxidation of CO
           on a Pt(100) Surface}",
JOURNAL = "Zeitschrift {f\"{u}r} Physikalische Chemie Neue Folge",
YEAR    = "1985",
VOLUME  = "{\bf 144}",
PAGES   = "1985"
}

@INPROCEEDINGS{Hugo,
AUTHOR		= "{P.\ Hugo}",
TITLE		= "Dynamic Behavior of Strongly Exothermic
                  Catalytic Reactions in Open Gas
                  Circulations (p{\aa} tysk)", 
BOOKTITLE	= "Proc.\ 4th Eur.\ Symp",
YEAR		= "1971",
PAGES		= "459--472",
ADDRESS	= "Oxford",
ORGANIZATION	= "Chem.\ React.\ Eng",
PUBLISHER	= "Pergamon Press"
}

@ARTICLE{HydrogenOxygen1,
AUTHOR  = "{B.\ R.\ Johnson, S.\ K.\ Scott og A.\ S.\ Tomlin}",
TITLE   = "{\rm Modelling Complex Oscillations for the H$_2$ +
            O$_2$ Reaction in an Open System}",
JOURNAL = "J.\ Chem.\ Soc.\ Faraday Trans",
YEAR    = "1991",
VOLUME  = "{\bf 87}",
PAGES   = "2539--2548"
}

@ARTICLE{HydrogenOxygen2,
AUTHOR  = "{B.\ R.\ Johnson, J.\ F.\ Griffiths og S.\ K.\ Scott}",
TITLE   = "{\rm Characterisation of Oscillations in the H$_2$ +
            O$_2$ Reaction in a Continous-flow Reactor}",
JOURNAL = "J.\ Chem.\ Soc.\ Faraday Trans",
YEAR    = "1991",
VOLUME  = "{\bf 87}",
PAGES   = "523--533"
}

@ARTICLE{BenzAldehyd,
AUTHOR  = "{J.\ H.\ Jensen}",
TITLE   = "{\rm A New Type of Oscillating Reaction: Air
            Oxidation of Benzaldehyd}",
JOURNAL = "J.\ Am.\ Chem.\ Soc",
YEAR    = "1983",
VOLUME  = "{\bf 105}",
PAGES   = "2639--2641"
}

@ARTICLE{ThioCyanat,
AUTHOR  = "{R.\ H.\ Simoyi, M.\ Manyonda, J.\ Masere, M.\ Mtambo, 
            I.\ Ncube, H.\ Patel, I.\ R.\ Epstein og K.\ Kustin}",
TITLE   = "{\rm Kinetics and Mechanisms of the Oxidation
            of Thiocyanate by Iodate}",
JOURNAL = "{J.\ Phys.\ Chem}",
VOLUME  = "{\bf 95}",
PAGES   = "770--774",
YEAR    = "1991"
}

@ARTICLE{BromatSulfid,
AUTHOR  = "{R.\ H.\ Simoyi og R.\ M.\ Noyes}",
TITLE   = "{\rm The Bromate-Sulfide System. A Particular
            Simple Chemical Oscillator}",
JOURNAL = "{J.\ Phys.\ Chem}",
VOLUME  = "{\bf 91}",
PAGES   = "2689--2690",
YEAR    = "1987"
}

@TECHREPORT{KemiskProjekt,
 AUTHOR		= "{M.\ Ipsen}",
 TITLE		= "{\em Oscillationer i en Kemisk Reaktion}",
 INSTITUTION	= "K{\o}ben\-havns Universitet",
 YEAR		= "1990",
 TYPE		= "Kemisk projekt"
}

@ARTICLE{BioChaos,
AUTHOR  = "{L.\ F.\ Olsen og H.\ Degn}",
TITLE   = "{\rm Chaos in Biological Systems}",
JOURNAL = "{Quarterly Review of Biophysics}",
VOLUME  = "{\bf 18}",
PAGES   = "154--225",
YEAR    = "1985"
}

@ARTICLE{Taxonomy,
AUTHOR  = "{I.\ R.\ Epstein}",
TITLE   = "{\rm Patterns in Time and Space -- Generated by
            Chemistry}",
JOURNAL = "{Chemical \& Engineering}",
VOLUME  = "{March 30}",
PAGES   = "24--36",
YEAR    = "1987"
}

@ARTICLE{BZ-History,
AUTHOR  = "{A.\ T.\ Winfree}",
TITLE   = "{\rm The Prehistory of the Belousov-Zhabotinsky
            Oscillator}",
JOURNAL = "{J.\ Chem.\ Ed}",
VOLUME  = "{\bf 61}",
PAGES   = "661--663",
YEAR    = "1984"
}

@ARTICLE{Degn1,
AUTHOR  = "{H.\ Degn}",
TITLE   = "{\rm Evidence of a Branched Chain Reaction in
            the Oscillating Reac\-tion of Hydrogen Peroxide,
            Iodine and Iodate}",
JOURNAL = "{Acta Chem.\ Scand}",
VOLUME  = "{\bf 21}",
PAGES   = "1057--1066",
YEAR    = "1967"
}

@ARTICLE{Degn2,
AUTHOR  = "{H.\ Degn}",
TITLE   = "{\rm Effect of Bromine Derivatives of Malonic
            Acid on the Oscillating Reaction of Malonic
            Acid, Cerium Ions and Bromate}",
JOURNAL = "{Nature}",
VOLUME  = "{\bf 213}",
PAGES   = "589--590",
YEAR    = "1967"
}

@ARTICLE{EpsteinHistory,
AUTHOR  = "{I.\ R.\ Epstein}",
TITLE   = "{\rm Nonlinear Oscillations in Chemical and
            Biological Systems}",
JOURNAL = "{Physica}",
VOLUME  = "{\bf D 51}",
PAGES   = "152--160",
YEAR    = "1991"
}

@ARTICLE{BZPeriodDoubling,
AUTHOR  = "{P.\ G.\ S{\o}rensen, F.\ Hynne og K.\ Nielsen}",
TITLE   = "{\rm Experimental Study of Embedding of Attractors
            in Concentration Space}",
JOURNAL = "{React.\ Kinet.\ Catal.\ Lett}",
VOLUME  = "{\bf 42}",
PAGES   = "309--315",
YEAR    = "1990"
}

@ARTICLE{Dithionit1,
AUTHOR  = "{P.\ E.\ DePoy og D.\ M.\ Mason}",
TITLE   = "{\rm Periodicity in Chemically Reacting Systems}",
JOURNAL = "{Faraday Symp.\ Chem.\ Soc}",
VOLUME  = "{\bf 9}",
PAGES   = "47--54",
YEAR    = "1974"
}

@ARTICLE{Dithionit2,
AUTHOR  = "{A.\ B.\ Corbet og D.\ M.\ Mason}",
TITLE   = "{\rm Sustained Chaotic Oscillations during
            Decomposition of S$_2$O$_3^{2-}$ in a CSTR}",
JOURNAL = "{Berichte der Bunsen-Geschellschaft f\"{u}r
            Physikalische Chemie}",
VOLUME  = "{\bf 84}",
PAGES   = "408--409",
YEAR    = "1980"
}

@ARTICLE{WinfreeSpirals,
AUTHOR  = "{R.\ F.\ Field og R.\ M.\ Noyes}",
TITLE   = "{\rm Mechanisms of Chemical Oscillators}",
JOURNAL = "{Acc.\ Chem.\ Res}",
VOLUME  = "{\bf 10}",
PAGES   = "214--221",
YEAR    = "1977"
}

@ARTICLE{Per1,
AUTHOR  = "{T.\ Hauck og F.\ W.\ Schneider}",
TITLE   = "{\rm Mixed-Mode and Quasiperiodic Oscillations
            in the Peroxidase-Oxidase Reaction}",
JOURNAL = "{J.\ Phys.\ Chem}",
VOLUME  = "{\bf 97}",
PAGES   = "391--397",
YEAR    = "1993"
}

@INCOLLECTION{Per2,
 AUTHOR	   = "{R.\ Larter, L.\ F.\ Olsen, C.\ G.\ Steinmetz
                    og T.\ Geist}",
 TITLE	   = "{Chaos in Biochemical Systems: The
                    Peroxidase Reaction as a Case Study}",
 BOOKTITLE = "{Chaos in Chemistry and Biochemistry}",
 PUBLISHER = "{World Scientific}",
 YEAR	   = "1993",
 EDITOR	   = "{R J Field og L.\ Gy\"{o}rgyi}",
 CHAPTER   = "",
 PAGES	   = "175--224",
 ADDRESS   = "Singapore"
}

@BOOK{LotkaBio,
AUTHOR    = "{A.\ J.\ Lotka}",
TITLE     = "Elements of Physical Biology",
PUBLISHER = "Williams \& Wilkins",
ADDRESS   = "Baltimore",
YEAR      = "1925"
}

@ARTICLE{Volterra,
AUTHOR  = "{V.\ Volterra}",
TITLE   = "{Variazioni e Fluttuazioni del Numero
           d'Individui in Specie Animali Conviventi}",
JOURNAL = "{Memoire della Reale Accademia de Lincei, {\rm
            Serie 6}}",
VOLUME  = "{\bf 2}",
PAGES   = "31--113",
YEAR    = "1926"
}


@BOOK{prigogine84,
  AUTHOR="{I.\ Prigogine og I.\ Stengers}",
  TITLE="Order Out of Chaos",
  PUBLISHER="Bantam",
  YEAR=1984
}

@BOOK{falconer90,
  AUTHOR="{K.\ Falconer}",
  TITLE="Fractal Geometry",
  PUBLISHER="John {W}iley \& Sons",
  YEAR=1990}

@BOOK{fysikA,
  AUTHOR="{F.\ W.\ Sears, M.\ W.\ Zemansky og H.\ D.\ Young}",
  TITLE="University {P}hysics",
  EDITION="{7.\ }",
  PUBLISHER="Addison-{W}esley",
  YEAR=1987
}

@BOOK{Mat1LA,
  AUTHOR="{H-B.\ Foxby}",
  TITLE="Forel{\ae}sningsnoter til {M}atematik 1, {L}ine{\ae}r {A}lgebra",
  PUBLISHER="{M}atematisk {I}nstitut, {K}\o benhavns {U}niversitet",
  YEAR=1989
}

@BOOK{MatF,
  AUTHOR="{L.\ E.\ Lundberg}",
  TITLE="Forel\ae sningsnoter til Matematik F",
  PUBLISHER="{M}atematisk {I}nstitut, {K}\o benhavns {U}niversitet",
  YEAR=1990
}

@BOOK{Perko,
  AUTHOR     = "{L.\ Perko}",
  TITLE      = "Differential Equations and Dynamical Systems",
  PUBLISHER  = "Springer-{V}erlag",
  ADDRESS    = "New York",
  YEAR       = "1993"
}

@BOOK{NumAna:KC,
  AUTHOR="{D.\ Kincaid og W.\ Cheney}",
  TITLE="Numerical Analysis",
  PUBLISHER="Brooks/Cole",
  YEAR="1991"
}

@BOOK{NumRec,
  AUTHOR="{W.\ H.\ Press, S.\ A.\ Teukolsky, W.\ T.\
           Vetterling og B.\ P.\ Flannery}",
  TITLE="{Numerical Recipes in C}",
  PUBLISHER="Cambridge {U}niversity {P}ress",
  YEAR="1992",
  EDITION="{2.\ }"
}

@ARTICLE{Calahan,
  AUTHOR="{D.\ A.\ Calahan}",
  TITLE="{A stable, Accurate Method of Numerical
          Integration for Nonlinear Systems}", 
  JOURNAL="Proceedings of the {IEEE}",
  YEAR=1968,
  PAGES=744,
  MONTH="April"
}

@INPROCEEDINGS{Prag:Arno,
  AUTHOR="{A.\ F.\ M\"{u}nster og F.\ W.\ Schneider}",
  TITLE="{Dynamics of Chemical Reactions: {E}ffects of
         Fluctuations, Evaluation of Time Series and Chaos}",
  BOOKTITLE="{Summer School on {T}emporal, Spatial and
             Spatiotemporal Patterns of Nonlinear Systems}",
  ORGANIZATION="{EEC}",
  YEAR=1992}

@INPROCEEDINGS{Prag:Hynne,
  AUTHOR="{F.\ Hynne}",
  TITLE="{Theory and Applications of Perturbation Experiments}",
  BOOKTITLE="{Summer School on {T}emporal, Spatial and
             Spatiotemporal Patterns of Nonlinear Systems}",
  ORGANIZATION="{EEC}",
  YEAR=1992
}

@INPROCEEDINGS{Prag:Tina,
  AUTHOR="{T.\ M{\o}ller}",
  TITLE="{Complete Optimization of the {B}elousov-{Z}habotinsky Reaction}",
  BOOKTITLE="{Summer School on {T}emporal, Spatial and
             Spatiotemporal Patterns of Nonlinear Systems}",
  ORGANIZATION="{EEC}",
  YEAR=1992
}

@INPROCEEDINGS{Prag:Kubicek,
  AUTHOR="{M.\ Kubicek og M.\ Holodniok}",
  TITLE="Continuation and Bifurcation of Periodic Solutions",
  BOOKTITLE="{Summer School on {T}emporal, Spatial and
             Spatiotemporal Patterns of Nonlinear Systems}",
  ORGANIZATION="{EEC}",
  YEAR=1992
}

@UNPUBLISHED{pertstat2,
  AUTHOR="{J.\ D.\ Stemwedel, I.\ Schreiber og J.\ Ross}",
  TITLE="{Formulation of Oscillatory Reaction Mechanisms by
         Deduction from Experiments}",
  NOTE="Preprint",
  YEAR=1993
}

@ARTICLE{pertstat1,
  AUTHOR="{T.\ Chevalier, I.\ Schreiber og J.\ Ross}",
  TITLE="{Toward a Systematic Determination of Complex Reaction Mechanisms}",
  JOURNAL="Journal of {P}hysical {C}hemistry",
  YEAR=1993,
  VOLUME="{\bf 97}",
  PAGES="6776--6787"
}

@BOOK{clarke,
  AUTHOR="{B.\ L.\ Clarke}",
  TITLE="Stability of Complex Reaction Networks",
  PUBLISHER="John Wiley \& Sons",
  YEAR="1980",
  VOLUME="{\bf 43}",
  SERIES="Advances in {C}hemical {P}hysics",
}

@ARTICLE{tina1,
  AUTHOR="{F.\ Hynne, P.\ G.\ S\o rensen og T.\ M\o ller}",
  TITLE="{Current and Eigenvector Analyses of Chemical
         Reaction Networks at {H}opf Bifurcations}",
  JOURNAL="J.\ Chem.\ Phys",
  YEAR=1993,
  VOLUME="{\bf 98}",
  PAGES="211--218"
}

@ARTICLE{tina2,
  AUTHOR="{F.\ Hynne, P.\ G.\ S\o rensen og T.\ M\o ller}",
  TITLE="{Complete Optimization of Models of the
         Belousov-Zhabotinsky Reaction at a Hopf Bifurcation}",
  JOURNAL="J.\ Chem.\ Phys",
  YEAR=1993,
  VOLUME="{\bf 98}",
  PAGES="219--230"
}

@ARTICLE{WSSV,
  AUTHOR="{A.\ Wolf, J.\ B.\ Swift, H.\ L.\ Swinney og J.\ A.\ Vastano}",
  TITLE="{Determining Lyapunov Exponents from a Time Series}",
  JOURNAL="Physica {D}",
  YEAR=1985,
  VOLUME="{\bf 16}",
  PAGES="285--317"
}

@ARTICLE{Farmer92,
  AUTHOR="{J.\ F.\ Gibson, J.\ D.\ Farmer, M.\ Casdagli og S.\ Eubank}",
  TITLE="{An Analytic Approach to Practical State Space Reconstruction}",
  JOURNAL="Physica {D}",
  YEAR=1992,
  VOLUME="{\bf 57}",
  PAGES="1--30"
}

@BOOK{chatfield,
  AUTHOR="{C.\ Chatfield}",
  TITLE="{The Analysis of Time Series - an Introduction}",
  PUBLISHER="Chapman \& {H}all",
  YEAR=1989
}

@ARTICLE{Broomhead87,
  AUTHOR="{D.\ S.\ Broomhead, R.\ Jones og G.\ P.\ King}",
  TITLE="{Topological Dimension and Local Coordinates from
          Time Series Data}",
  JOURNAL="Journal of {P}hysics {A}: Math.\ Gen.",
  YEAR=1987,
  VOLUME="{\bf 20}",
  PAGES="563--569"
}

@ARTICLE{Broomhead86,
  AUTHOR="{D.\ S.\ Broomhead og G.\ P.\ King}",
  TITLE="{Extracting Qualitative Dynamics from Experimental Data}",
  JOURNAL="Physica {D}",
  YEAR=1986,
  VOLUME="{\bf 20}",
  PAGES="217--236"
}

@ARTICLE{Kruel,
  AUTHOR="{Th-M.\ Kruel, M.\ Eiswirth og F.\ W.\ Schneider}",
  TITLE="{Computation of Lyapunov Spectra: Effect of
         Interactive Noise and Application to a Chemical Oscillator}",
  JOURNAL="Physica {D}",
  VOLUME="{\bf 63}",
  YEAR=1993,
  PAGES="117--137"
}

@BOOK{Bendat71,
  AUTHOR="{J.\ S.\ Bendat og A.\ G.\ Piersol}",
  TITLE="Random data: {A}nalysis and Measurement Procedures",
  PUBLISHER="John {W}iley \& Sons",
  YEAR=1971
}

@BOOK{Gold69,
  AUTHOR="{B.\ Gold og C.\ M.\ Rader}",
  TITLE="Digital Processing of Signals",
  PUBLISHER="Mc{G}raw-{H}ill",
  YEAR=1969
}

@BOOK{Lawes84,
  AUTHOR="{D.\ J.\ Malcolme-Lawes}",
  TITLE="Microcomputers and Laboratory Instrumentation",
  PUBLISHER="Plenum",
  YEAR=1984
}
  
@BOOK{Topsoe:Info,
  AUTHOR="{F.\ Tops{\o}e}",
  TITLE="{Informationsteori}",
  PUBLISHER="Gyldendal",
  YEAR="1973"
}

@ARTICLE{Jaynes,
  AUTHOR="{E.\ T.\ Jaynes}",
  TITLE="{Information Theory and Statistical Mechanics}",
  JOURNAL="Physical {R}eview",
  YEAR=1957,
  VOLUME="{\bf 106}"
}

@BOOK{FieldBurger,
 AUTHOR		= "{R.\ J.\ Field og M.\ Burger (editors)}",
 TITLE          = "{Oscillation and Travelling Waves in Chemical Systems}",
 PUBLISHER	= "Wiley-Interscience",
 YEAR		= "1985",
 ADDRESS	= "New York",
 NOTE		= "Kapitel 2",
}

